Date,Revenue,Google_Performance_Max,Google_Search_Brand,Google_Search_No_Brand,Facebook_Conversions,Facebook_Others,Facebook_Product_Catalog_Sales,Influencers,Display_Ads,TV_Ads,Radio_Ads,Magazine_Ads,base_revenue
1/1/2022,5796.714153,565.8449852,322.2201346,1362.108867,163.3799213,152.275251,585.5795208,486.4594335,1326.02899,1702.230023,166.8768233,599.4655845,4843.407314294143
1/2/2022,5165.863043,458.4984909,232.0346618,1217.779342,240.6710094,572.2807885,367.5586302,181.4650918,761.5285242,1082.45828,127.2534062,319.817106,3693.034585946178
1/3/2022,6965.648769,673.9872468,351.6588487,1723.328306,777.6608215,646.7903667,443.2720466,413.7788067,421.6813608,630.103186,192.6379813,282.7682615,5078.27584940354
1/4/2022,5710.92259,600.1956591,253.7681425,688.1699724,580.6394848,545.6592191,375.1496316,190.2699842,244.7050774,2318.640804,166.4750161,412.0408127,3676.901759869824
1/5/2022,4371.813951,456.8675187,255.5140266,835.12999,332.6074313,449.8095607,363.4545786,294.2132374,552.7537413,2157.475018,127.6849701,184.554535,3035.211041722367
1/6/2022,5498.896304,608.1019099,319.3322382,1594.655139,555.1437824,166.6401866,511.4582908,198.9041112,666.0054471,731.7381191,187.616823,138.1350102,3805.5802789012514
1/7/2022,4793.665026,359.7458402,280.3095424,1141.915796,651.128667,207.6348213,491.9924044,272.2080184,1127.218223,2021.570097,141.6496471,413.6396976,3757.729729141835
1/8/2022,7003.532898,660.4894508,347.1334405,915.5743846,641.1082401,557.713622,446.7825951,152.9591745,1379.836416,998.5844583,241.3807355,146.1879459,4808.47970683201
1/9/2022,5291.506397,478.9749354,310.3454257,1644.13695,356.7022587,903.3030986,449.6206005,99.52336604,901.1449145,2114.88031,142.8523858,236.7610975,3674.2047715624108
1/10/2022,6713.267433,798.7001053,321.0657381,1714.364556,360.0819058,299.8970294,324.6473108,283.4557798,355.8249775,1175.230343,211.7635613,521.8113753,4075.386892671602
1/11/2022,6557.550391,648.3104475,231.9389588,659.342836,244.1816669,146.3308761,522.4829212,270.2537421,562.2404035,2316.531772,198.533418,691.3902725,3804.864012555001
1/12/2022,8863.242112,963.0538951,385.6724767,1250.294566,498.2535446,755.3947138,647.0324805,90.63039652,678.1180725,1764.611661,289.0914891,601.1814974,6849.751962209566
1/13/2022,5509.463675,494.3165945,280.455752,880.1030195,758.8744927,680.6555114,400.4790417,111.8844249,426.6763577,1881.875476,118.7640073,304.6398106,3505.550561025348
1/14/2022,6668.562975,631.1817949,361.2342387,439.6541517,733.1902427,599.6807304,616.9938869,455.1881257,888.5457519,983.7045818,215.8503341,479.8608744,3800.3427101446823
1/15/2022,5463.049289,414.2592676,299.2495427,1647.831283,544.1788888,677.8284815,460.802717,54.13867323,309.3819545,823.2574282,171.4062642,160.8829257,3532.688447990478
1/16/2022,7146.448209,732.1281221,296.4796659,788.0995472,635.2194133,301.8423785,655.6636481,342.3348046,1125.832988,974.498175,254.1466161,609.5340463,4778.319020144105
1/17/2022,7722.06016,961.8853143,373.8336022,1246.707939,666.6273473,975.7094993,557.4659197,276.1866919,711.0270421,2284.09311,204.9763719,446.1423308,5399.70276632932
1/18/2022,6184.189715,477.7784448,307.4830029,1710.687877,770.0535751,121.8843698,417.6939271,461.6889756,1039.113985,854.2213588,214.8410915,322.0952202,3630.4601222876668
1/19/2022,7573.237625,750.0408712,336.3221953,1344.044695,520.5397606,252.543472,484.671232,93.7294222,923.8416412,2372.309548,213.8016802,469.004336,6242.032199097196
1/20/2022,8056.398794,911.3822303,405.3879827,1514.041733,676.5737065,732.2356756,714.3076762,440.1825434,667.3384966,1087.183689,273.6779202,647.9443315,4906.961211454038
1/21/2022,7815.047686,1166.777918,419.2969098,440.9729098,525.8820916,901.0048076,716.0490661,66.17402321,639.3937039,1251.165905,263.0714835,379.3588109,5210.156712803534
1/22/2022,8051.391251,626.2894746,420.4347897,490.590769,489.458119,133.6133699,610.9487557,396.4970989,1269.380729,1220.381283,243.9476989,229.4926165,4881.505847955868
1/23/2022,6769.633368,698.6091958,340.7602604,784.4347094,666.8710266,753.4822004,489.4426417,171.8745131,1468.607703,1532.600697,267.4073237,363.3828524,4467.315059729663
1/24/2022,8233.919022,746.2099945,494.7610376,1290.296065,331.957033,325.2186083,631.9737545,479.6893763,913.9946641,1929.191845,237.4821635,542.73815,6019.306825483745
1/25/2022,9822.156197,1085.462146,415.1393116,361.0932035,706.0493796,112.9541398,747.0337699,366.6460367,350.8944327,592.005284,332.6720204,384.5042975,7417.612707390479
1/26/2022,7092.330534,707.2888393,307.9869439,1252.640476,179.4476064,490.4664843,463.7910448,218.5756766,718.0561547,1731.700196,209.6163609,475.5159494,4446.518000545216
1/27/2022,9063.163752,907.3396813,404.0827551,1163.211267,402.310452,123.8601795,762.0213781,339.4796983,961.5082557,2380.460483,277.8667034,374.9517343,6506.595977311891
1/28/2022,7399.783123,808.6631636,373.5377769,451.1670021,161.8441867,914.8155778,627.128821,92.49933234,454.5284752,638.7226018,218.738557,509.804064,5332.283104200076
1/29/2022,7891.87775,739.8876815,365.1256496,1505.221396,333.3224722,666.0485621,699.3183877,129.8477947,1340.713618,1970.142088,247.4667971,550.368851,5918.312681808935
1/30/2022,7507.090405,571.9418793,314.326015,1426.306602,640.4528682,937.681593,547.0310141,96.40574098,1315.936577,1357.988055,260.0708317,641.531744,5574.685250618891
1/31/2022,9605.478807,962.6482649,514.3715889,972.668283,340.5870016,955.5464322,743.616964,197.8990454,945.4692546,1763.674424,297.8893548,503.5110736,7148.890401487701
2/1/2022,5369.856946,614.0535275,301.8456525,826.3725188,226.0935607,594.5759941,373.6568294,114.3462569,773.9896518,2275.408366,160.831197,556.906379,4049.7884839877815
2/2/2022,4777.779604,502.1466816,251.1373088,855.9632206,678.3197187,176.3539427,341.6669143,476.2618598,1482.631452,1248.541592,129.202239,691.6006383,3313.084288861158
2/3/2022,5932.049937,526.7822494,364.6080652,317.0304672,454.6294173,915.7189466,311.5979202,75.33647406,344.556727,1485.250209,225.0624665,171.2907498,3370.653667828992
2/4/2022,6122.71856,529.5487617,332.1032537,1744.833809,157.9004085,357.1408777,612.4365979,486.445472,1329.178867,947.191677,180.4187524,125.8959472,4489.1560376052
2/5/2022,6301.711722,637.1364387,364.2608014,981.8115972,557.9127521,570.7880598,542.0271288,312.9414404,1018.21823,1891.497378,190.681869,640.6948063,3952.2779844185497
2/6/2022,8189.802933,738.1504648,367.5040546,1779.316117,603.8051141,625.2905007,607.232823,291.2433649,301.0550281,2448.789615,181.9772163,285.7165698,4680.512745859269
2/7/2022,5574.244978,614.5592489,327.2384399,367.8280052,167.1385334,476.4187327,505.2966396,219.4085151,1412.547028,2232.127779,211.5271081,586.3319985,3218.3080836870895
2/8/2022,4486.865471,584.0737845,218.6162813,1799.57651,797.8139441,150.737947,457.9745426,299.9442675,1324.139089,2125.802018,86.77313436,561.3924491,3055.3255946488534
2/9/2022,5700.624977,538.7601269,205.0750752,470.3363883,586.5225771,704.530616,346.5627889,284.1384654,1003.566713,1216.325436,187.0835036,563.391035,3630.043002795567
2/10/2022,7579.297184,764.6815665,482.0022554,1230.464327,607.6518493,220.6137056,746.7710421,145.8338727,237.4174792,2010.274511,219.9099911,181.8228854,4788.451991095804
2/11/2022,7471.570951,574.0697847,445.7954871,894.8141735,554.3563551,413.4299203,668.6107609,438.0636689,868.1863359,2067.306025,220.0347939,669.7123742,3600.066861130424
2/12/2022,4896.617561,484.1069862,264.0341505,493.3195829,233.2297953,670.0607689,389.113825,118.3562121,512.1893044,651.7266562,84.87526382,183.2963036,3111.9957472597425
2/13/2022,6610.87996,550.9628056,354.9276618,588.4335282,176.5646006,526.5654762,588.6598394,126.0207784,1067.82506,844.6397424,189.6056296,267.1542034,4823.373649353694
2/14/2022,6692.96964,565.7727318,306.9660167,422.6385479,717.8261057,135.3809259,439.6073398,464.3925802,1239.233519,1755.800779,259.7308432,136.6467759,5215.891989736359
2/15/2022,6935.263552,778.6617817,315.7449915,1227.382157,389.7938657,288.414391,495.9081104,258.1406223,681.6137336,1469.04597,225.4430386,548.4825629,4127.848759395128
2/16/2022,7576.556963,788.7807118,532.7718886,865.9262447,163.0462786,579.3555398,695.69055,194.9356245,515.2116547,1038.486462,223.4591811,226.8688042,5076.637200387173
2/17/2022,6144.459559,537.1234589,289.6835157,430.3804321,499.1192522,711.1920872,509.0145834,314.0785031,1225.92261,1496.884398,211.6507105,547.2636845,4587.116956625182
2/18/2022,6162.753846,597.2415168,264.3567796,655.8401876,216.1586072,420.4870533,382.3963292,118.7866126,1482.469823,1711.549639,212.6679418,247.574637,3951.475222057377
2/19/2022,9209.41664,882.7506418,439.7982701,915.5952405,788.546101,907.0888822,670.4666296,100.417506,304.3038694,1549.022779,259.9274232,338.7133594,6977.6521329297
2/20/2022,6823.228669,757.8619895,366.2072929,580.5656228,360.3915037,614.4514205,467.653874,241.4463974,563.9728218,2038.985866,207.6768292,404.5662272,5143.072623767947
2/21/2022,8251.387123,779.2767846,397.2335362,1098.884149,183.6852989,623.1143993,538.1677272,201.4719252,400.6715299,1462.280204,271.4737031,180.6488062,6207.242148356986
2/22/2022,8606.292809,802.940094,472.0992461,1694.293716,689.9026151,524.4185697,598.1268764,484.2621098,735.3931884,1197.736533,274.0829096,174.5783341,5913.565595674563
2/23/2022,9141.568621,931.1297905,461.548127,602.4409801,256.3763629,857.6458991,770.369016,123.9196091,381.7040896,2090.534624,321.6510815,588.7448321,5571.891523670516
2/24/2022,8089.774857,1016.517566,448.044978,752.0668112,635.9460971,495.2214177,621.100106,276.2241755,690.0277583,1425.359571,278.7296634,239.3276171,6109.170004726648
2/25/2022,7491.924627,725.2745961,415.7514801,1241.56208,367.6886495,661.8141963,670.7468357,112.6724327,351.9674529,2379.664247,227.6263522,576.4151136,5652.7139048072895
2/26/2022,8632.781866,1090.347472,440.7324061,1154.834527,645.5981457,323.6402258,710.4801962,444.5445365,1167.13018,567.0648695,245.202629,305.2490492,5431.552947316417
2/27/2022,7250.155631,853.7130594,340.2759036,1340.922667,502.7708882,750.0273116,545.819815,163.3095765,1136.047498,1782.295266,200.9252957,307.4175961,5648.297901374664
2/28/2022,6421.279751,791.7324063,353.7822704,1608.185863,755.8768836,555.299811,509.2556064,304.3099326,994.8905061,536.2203676,201.0374513,517.9904943,4390.232605811373
3/1/2022,4574.510953,479.137199,250.8313809,1701.550522,751.6195334,646.0435417,385.9803908,252.8777171,751.3698727,1972.888471,103.0426957,167.9428275,2687.754059057835
3/2/2022,5855.724912,694.9916431,208.1630141,897.2530404,499.3071419,822.5681037,590.8220185,463.9350274,206.0216299,1166.998343,170.9315104,307.8075966,3410.4358359822863
3/3/2022,5473.11893,674.3244477,232.7322357,1047.551659,422.3015422,507.1955645,317.628313,461.6806555,383.1141265,852.773973,156.371513,317.4363395,3558.8696799367244
3/4/2022,7848.956095,897.5521124,379.0033702,1647.081434,283.3407663,160.3688296,539.3944149,135.8094743,1174.948612,919.8111862,312.6694769,121.9298007,5798.40540242884
3/5/2022,6159.218434,872.9145274,252.605699,532.8603689,268.2532848,496.6864722,603.8240562,437.8035295,720.9919791,1619.280663,104.9960123,667.6692773,4025.5227211565402
3/6/2022,4792.488305,401.4671618,184.095623,1307.839115,162.8118495,124.3863933,523.5806999,96.84886189,488.5638105,962.1495932,171.845001,579.9496512,3297.1632320720337
3/7/2022,7571.555095,807.2032614,325.9148187,1545.329797,408.1692943,318.8549719,577.6698854,350.6383115,1138.947011,2211.392936,220.2701713,222.9905772,3872.0764239950204
3/8/2022,6993.101258,668.3554819,365.961714,869.5386123,533.6917126,835.6992056,459.3590145,170.6286384,644.3625572,1018.846867,237.5138483,474.4893447,5259.164186321582
3/9/2022,6315.097864,756.17926,207.2610088,1602.701964,466.8302789,953.6079763,364.9302758,452.5485021,1192.687532,780.2263515,173.1052689,579.9131536,4514.324797525243
3/10/2022,6236.387788,617.9442164,327.2094778,1088.535273,261.5915358,225.4204667,362.0975516,172.5382969,1285.409308,2468.804361,146.646071,111.0344059,5070.444884113099
3/11/2022,7443.264094,581.3671108,399.7563875,505.3284451,735.0121172,846.7676233,755.9070512,443.2505349,468.3476533,521.9916573,244.8256702,458.4478613,5785.667508578144
3/12/2022,8465.474444,947.9844509,331.2300107,1204.728164,309.4769213,249.6550319,574.8717982,225.1830263,1159.443701,665.5973359,235.219676,273.2162421,6044.972510671408
3/13/2022,6926.09105,826.740297,302.1156631,1398.858146,289.7112461,528.445362,600.0046408,64.03241078,1062.772515,2373.659479,155.17552,257.3584266,3863.9451133329794
3/14/2022,6424.362174,654.6371988,449.2223356,1043.236974,597.4615577,195.9384278,506.2641819,245.6723024,297.6791163,1956.377512,227.209065,247.8412199,4008.9337593226082
3/15/2022,6396.823575,689.6561195,346.4709342,1675.970363,238.9321101,631.2076002,424.7234112,477.6068092,669.266066,683.1641467,219.7891825,367.6034638,4077.3034769893775
3/16/2022,7377.701001,604.2356642,387.8949426,1034.137445,293.7861372,723.0489081,639.0629397,494.4506036,1303.954347,999.3360177,238.1247435,666.4356038,5479.9423950482515
3/17/2022,8380.780726,919.926546,425.731419,1593.063976,698.957109,973.9524206,706.1936366,193.595213,1427.546436,1448.428433,245.0252505,597.3492845,5754.856921158325
3/18/2022,7496.120777,703.3845488,353.0812275,772.9355067,500.66934,405.8874674,574.9558923,405.8254242,1142.196803,630.7126816,231.5476365,291.2515018,5242.395529960391
3/19/2022,7021.251378,788.9016403,365.2141792,1612.052509,493.8091371,121.9607034,453.7430246,472.5804643,1331.128536,542.5388217,228.2026452,579.2699415,4874.020171275035
3/20/2022,7082.71155,849.205899,469.0804837,465.7111697,380.5044025,479.221302,537.5898392,179.2575462,1158.856992,977.5542915,199.1162709,277.7848723,3743.689042417229
3/21/2022,9153.384477,721.9706176,397.2994323,926.3711637,721.4268999,954.9650656,646.6245118,475.12941,1222.248519,678.8220046,295.0802314,380.4409067,7511.5292100452425
3/22/2022,6677.277978,705.9687725,342.1865093,579.6573932,656.7299078,307.6028305,573.5783394,207.5563666,429.4864416,940.9724181,208.9933987,134.7056059,5890.190709016802
3/23/2022,10355.30014,998.1900872,459.0864966,635.7264222,499.0333749,238.5063157,892.0965316,316.8229707,1260.583062,948.8811437,342.1149324,448.0517247,6578.348333331464
3/24/2022,7387.21131,699.950975,383.653835,689.6306756,620.2230739,178.2880839,617.733448,273.1440808,730.989177,1245.377034,241.3726675,148.6277295,4943.823574726864
3/25/2022,10110.20454,1080.496557,452.4688871,1317.024229,517.7257766,633.1670062,530.3516568,170.1627216,1272.085256,1195.618416,277.1994389,627.1779918,7447.219926419584
3/26/2022,8790.654831,989.9358411,480.5568506,1621.306139,716.698293,656.7502404,743.8343089,63.16127737,1178.531631,817.2102106,295.7198856,595.4900503,5730.554655358804
3/27/2022,9469.29559,909.8972222,431.7868302,309.5788076,336.5747866,836.1703217,702.3804215,327.6171133,1281.774431,1514.935468,298.9275332,688.7117068,6997.861863857981
3/28/2022,7040.143859,778.6397425,384.281402,812.8082491,561.2042305,784.9251123,736.2718866,469.4126475,903.6465523,2425.984008,201.9709687,161.5058368,4871.287417026157
3/29/2022,8719.150328,889.4696158,456.3831338,818.8245854,553.5950865,737.3548798,682.6222347,70.58391522,287.5557819,1664.34092,249.4345351,622.9220837,5800.627411256232
3/30/2022,8041.078153,841.8290028,480.3301091,977.0805365,256.3554838,346.2639997,638.0262313,407.6642969,1496.26185,1352.362604,224.5763588,516.2093355,6687.002333993427
3/31/2022,10581.15707,1170.301026,594.5850447,896.3915969,328.2398815,949.2543282,828.6995433,492.7899416,745.645512,1777.051895,283.0259532,345.6004038,7984.319512540238
4/1/2022,5658.763942,601.0819339,220.3612259,1464.895279,651.099199,971.3740851,568.2022837,430.1524527,441.1831704,2237.246336,167.2983829,556.6143946,3671.9201988194236
4/2/2022,7117.295832,617.2927054,372.0270797,1328.347931,429.6988317,533.3701164,669.3198079,140.236127,352.5006457,750.3715844,228.261012,394.956728,4378.793852507199
4/3/2022,6228.104415,554.7052757,353.4373982,1019.908252,540.0133563,110.4584859,446.0384348,181.2481604,294.1809541,1284.987113,173.4576295,516.9891317,4403.278383723093
4/4/2022,4310.459269,468.259066,239.4665716,513.7433144,474.2772997,194.4371606,342.9025834,328.1700804,514.6585206,2473.325187,112.1836365,521.4789823,3049.4088234813034
4/5/2022,6079.035826,610.5921665,314.3709317,499.0736311,518.9015514,129.8827979,322.9840766,360.2592361,302.1520463,1293.846552,174.9557533,580.3520195,4253.673300055979
4/6/2022,5718.015752,522.4552936,263.6516215,377.9569255,501.8426179,735.8281538,479.4821051,369.0772338,241.0619883,2372.424492,147.5841131,622.5814742,4015.9898415052835
4/7/2022,7395.19322,803.0365022,422.2372968,1397.384283,203.0594883,507.0864561,548.7966407,77.1584378,1036.651004,1552.805322,261.3776186,248.2619404,6079.144641906315
4/8/2022,6797.599605,576.6023358,313.4150684,642.682112,797.6170454,548.3761448,593.3028922,488.656923,921.9726162,1938.403557,237.8077213,490.1954118,4622.292152347247
4/9/2022,7313.517973,629.0725408,352.8070718,856.5581445,791.9722164,768.4358691,451.5947119,68.04913614,753.1413348,1191.869985,231.3822329,620.2188977,4910.111958335221
4/10/2022,7447.19594,588.5389078,472.4466521,715.2416959,535.0277136,886.0809143,587.3443211,460.5635055,1370.912423,1343.441854,276.8407546,226.3973134,5524.055272172029
4/11/2022,8376.54035,975.6631704,387.5488824,571.4654291,705.3503107,261.714798,701.7875107,271.5250354,508.8063224,2442.790188,266.1171161,248.3386446,5505.559708370989
4/12/2022,7260.673766,710.3943368,416.1537638,1754.118484,317.7867313,633.6557663,402.0997859,345.531499,412.5810344,1282.163073,224.8762078,295.1140385,3881.245507451741
4/13/2022,6632.298799,697.880268,329.268911,673.0714089,551.1442413,403.3028588,568.7471701,368.0497476,1277.548376,1361.775047,201.2736207,200.2251447,4083.054553565555
4/14/2022,5917.007776,676.4086786,356.9754345,608.7618151,222.7477526,825.1031377,570.5213649,171.3873252,960.9606737,2236.542561,174.824555,134.2521137,4184.112421772153
4/15/2022,8027.629544,807.9575429,438.013481,1747.678045,153.2109876,137.4155731,635.7530371,478.3153034,392.8461613,2473.260246,243.187942,483.4719627,7158.537389465766
4/16/2022,5401.799315,526.8219474,324.3832829,761.8949124,608.0424958,700.1778318,264.0704363,140.8340535,381.5466312,559.9471797,250.1865649,504.05946,3766.5515398075045
4/17/2022,6876.231039,879.0262393,334.2774319,1226.77086,714.7882399,950.1527975,567.493113,306.774386,1088.222437,1494.349528,232.3889631,118.2322358,4244.80598057475
4/18/2022,8095.681888,829.3247878,427.2455161,459.8895455,577.599448,692.9969232,561.5217104,499.7361766,712.0237274,1802.465954,262.9226955,128.9272233,4968.755496841644
4/19/2022,7635.861653,796.4624064,397.8609434,1301.390078,675.0998623,890.6640052,644.6225926,393.0283106,725.3824181,1154.066323,277.4871877,578.6881893,4135.8888552455755
4/20/2022,8253.534302,954.329083,399.6067188,894.2590374,602.0536843,105.1827944,669.9227408,224.8511456,621.9615789,1232.92307,216.7457991,369.2161736,6398.700936113794
4/21/2022,7261.038252,593.7948459,445.1526706,1018.772816,166.6673428,441.8072022,661.6684273,203.5615224,1322.333744,1538.16357,197.1866372,328.1173713,6365.755461342591
4/22/2022,10252.43581,1169.782049,421.4182966,1733.285544,161.8511787,788.3949354,1006.484385,138.1000936,1256.88146,1936.246152,329.3276161,104.537725,7678.377073835917
4/23/2022,8858.92859,914.0120014,448.1564847,760.9349474,671.9668336,537.2845833,703.706837,292.6225745,533.809538,1069.745804,243.14892,286.7846195,6333.211424690473
4/24/2022,7919.324923,943.3842486,434.6204056,572.1575215,491.3561994,209.697484,585.2801086,369.0708178,435.4941544,1862.235708,189.9753962,164.1261539,6615.396868615282
4/25/2022,6707.006266,714.7481004,334.3684234,1202.41773,682.4727586,139.0712796,580.7596977,447.8929085,1023.096788,2402.806684,207.927612,236.8478632,4412.6068869674145
4/26/2022,9764.14043,1026.377753,423.3882255,1470.788273,328.6239231,910.0208111,873.0848127,420.1764433,659.4477931,973.7411179,283.8970923,354.2429522,6147.300045742193
4/27/2022,7826.509376,810.5503538,349.5581161,443.5718333,165.3650809,763.1863704,797.7326803,338.8871752,1321.636201,933.4796002,199.1673287,464.2564217,5760.615454718781
4/28/2022,8909.82071,737.287275,458.8785967,1342.716831,412.8071993,547.090173,829.5451451,242.6898267,1484.121176,772.8795051,216.7352931,530.5586594,5855.273023108314
4/29/2022,9268.983079,1089.73797,444.4927669,1078.589686,193.9481663,303.990762,725.2322175,410.1604285,661.4951976,638.8476855,260.619065,240.2272491,5999.449718915424
4/30/2022,7785.243269,881.6306183,394.6892973,1791.209042,580.1954734,391.9003778,659.8295684,301.0025378,632.902487,1838.97391,297.0929766,538.3903061,5021.677859598679
5/1/2022,5394.988144,533.9219067,297.6657528,975.5564044,641.5061638,280.8403198,437.6794829,206.4071859,896.5759898,693.3528993,178.0123241,498.9470347,3961.45262732815
5/2/2022,5279.326407,474.5417306,193.609119,433.6866482,640.9257733,857.8299649,428.185853,107.4710676,877.2453705,1747.171376,181.7821376,595.6405782,3893.033408413103
5/3/2022,7008.108677,796.4810993,311.1059608,1073.519142,747.6047826,457.2833654,454.1500579,273.6335673,781.3633027,1701.188667,155.1570991,695.2948089,4680.451854060318
5/4/2022,6907.991327,652.3149445,368.5981805,1485.045654,348.0414404,890.1768884,517.5523297,86.41367737,1328.473697,2111.8508,242.2288222,341.7881073,4880.726415511359
5/5/2022,7036.509844,613.8041862,353.23455,1030.592878,544.0644095,219.2722055,562.1912678,394.1644104,1320.618827,2345.514381,243.6721623,204.9031764,4432.023567103146
5/6/2022,7074.698233,454.8979599,356.932751,1744.672667,507.1941983,161.3550784,536.2388264,484.6199725,233.555479,770.3325783,182.471549,359.498727,4721.631449293057
5/7/2022,6764.474415,478.9007848,291.256951,392.0244407,657.4950309,657.6291594,529.6309487,256.9101907,1045.26142,804.0497063,166.6433902,134.8982773,4946.488683984314
5/8/2022,7399.92873,683.6279703,349.4498787,1064.133192,797.852955,190.9412299,562.6163611,416.2866213,1099.809744,624.5835963,200.7951592,469.1316629,4746.248043747386
5/9/2022,7849.554135,636.4656167,264.78165,1400.421571,650.0481809,430.9834158,702.7099237,54.96406899,738.3686783,2155.075791,194.4802631,349.6923989,6327.042596357104
5/10/2022,6775.234598,638.3669792,338.0020735,318.181162,306.7809474,223.3987352,611.0667859,489.1431897,895.9031709,930.403744,179.3638325,580.9222671,4043.844757809294
5/11/2022,7084.690151,766.398165,360.213526,787.0138903,629.2821003,188.2743227,488.9296968,264.2081582,834.7134781,800.0973294,248.4378496,325.5329711,5138.096877623979
5/12/2022,7041.470427,616.6650047,238.2548459,1332.202059,434.4420306,959.8012179,586.1088256,164.6017799,1222.974402,1130.813791,217.4569287,604.5229477,4157.9630257116805
5/13/2022,9457.308213,885.159329,509.9701793,1406.150653,482.9442485,159.9868365,780.5280635,356.1025006,873.9304285,800.3380016,322.7714851,125.0037404,6761.350486901268
5/14/2022,8961.511197,919.8472612,425.334544,1292.055917,270.3771191,366.8820232,652.7214771,128.3492009,654.6141987,2049.307062,307.8096756,159.0373898,6065.285628651481
5/15/2022,8685.704155,940.4657465,484.087592,1461.950671,568.5377648,285.118536,634.3127253,288.63596,357.8023436,1730.025936,217.9168046,125.1707341,5922.550084697565
5/16/2022,9101.333652,1055.695234,545.0302613,1692.12546,296.0001477,690.8307466,787.7707922,217.4751607,366.5244703,1176.535012,290.8428848,359.2461298,7295.968229782469
5/17/2022,9756.20713,865.2998764,476.7476753,1569.771508,747.3022469,357.3161103,758.3515064,163.5084591,1260.731021,2222.739993,301.9084148,553.0251572,6605.387398502131
5/18/2022,8615.737213,982.946865,423.784718,1777.004609,759.3022432,690.5456539,760.3468874,69.42818111,430.6574003,1590.053838,280.5055874,198.8888894,6669.380888441211
5/19/2022,8299.687952,764.8331058,388.5535635,1062.54082,343.4064934,759.5213903,710.8841576,304.2598968,904.9083671,1680.695381,286.1391307,513.3311812,6213.05213583305
5/20/2022,8021.271577,834.9923737,446.0750118,1389.692573,794.6764684,515.401727,591.9114705,94.63014481,212.1311058,993.357729,254.9808472,340.8965895,6711.504577556511
5/21/2022,7519.47655,810.8054955,459.4690527,307.8444203,644.643994,419.8461118,633.1318464,65.89010972,1218.92932,1608.453028,189.7078046,547.4402696,4380.439894767831
5/22/2022,8644.602668,719.4746103,376.9147243,972.9159464,619.3461098,888.9856856,655.2330488,448.7881012,1495.234639,1236.619061,234.7277653,455.8266005,6785.018307637603
5/23/2022,6881.634267,512.0825455,267.7988976,1142.226882,514.4290614,678.0929733,651.5374696,321.56945,284.3096728,1659.967575,189.8932836,505.8807623,6201.286173823098
5/24/2022,10958.19929,1033.340974,589.3024691,1477.345466,609.9926076,169.3524512,876.0925189,404.8767341,276.116208,1168.476637,368.1182372,410.3614339,8240.413412907204
5/25/2022,7358.310886,716.4651427,332.0744283,1699.669997,567.6673797,638.4027647,439.3419415,239.561624,1156.362049,2496.695023,218.268906,481.7064188,5253.184973109995
5/26/2022,8478.252492,812.8640305,436.9957732,576.7143797,385.4530371,445.4496567,770.0529457,200.5300799,943.4339526,1675.538722,245.2208583,115.7180251,7093.37957161914
5/27/2022,8840.886247,707.2446881,458.2026981,1503.964965,447.8214764,885.4572254,695.4626928,267.3359924,1294.513637,872.2028357,251.2454924,180.0879834,6364.357694288765
5/28/2022,7205.296933,741.0983308,341.342144,1215.337724,237.9801535,756.5574058,346.7211416,388.1187887,1195.166769,817.8163353,211.3317607,494.1730938,4090.5991893046294
5/29/2022,8799.845924,859.6172173,396.0931668,1465.065835,192.4880024,344.7547535,637.8372456,269.4070372,1187.217741,1399.479685,257.2010109,120.1681601,5884.468640918346
5/30/2022,9367.365507,946.9009795,411.8169558,1745.091651,514.1093193,909.8500111,608.3626418,471.5701079,228.3704158,1827.579372,250.2217432,131.3547276,5241.498780457001
5/31/2022,7537.454143,700.8401466,416.5859411,824.2595581,224.1622602,517.539238,502.6531776,118.0610729,1463.606929,1717.054545,234.9303623,235.190158,4498.163238668584
6/1/2022,4943.418195,557.6379947,224.6921079,401.5025429,610.0928132,203.2919847,476.873554,294.5921978,1318.181601,1945.628606,228.1980164,149.0352074,3035.8751776109452
6/2/2022,5327.860988,240.6510505,288.2210396,1068.753973,674.1623512,685.8761204,498.5436663,256.6579449,909.0614302,624.5462118,88.94785657,131.1739465,3811.525449656514
6/3/2022,5490.269295,486.1784431,304.6373252,607.3219112,720.5895508,397.1935584,382.4988467,445.8118347,1183.776957,1538.771719,149.3949973,622.347055,3699.623811607447
6/4/2022,6308.188731,474.4997922,359.5649254,870.6300113,654.1477031,194.92633,498.4281227,484.0144943,1053.814136,2144.206321,183.8312645,222.2598755,4682.323307190912
6/5/2022,9893.107568,806.2339119,504.6879686,1672.635103,496.4687637,671.1241758,820.4542706,121.0796703,1237.288408,1291.940945,337.8458857,517.5394709,6799.694231597186
6/6/2022,6156.450168,718.6410985,291.0837418,1623.624553,672.342298,496.2910765,460.2241364,277.3430481,999.8874326,666.92817,156.0398276,680.2759692,4061.2692144227517
6/7/2022,7323.599066,758.865511,363.9286121,543.3501087,158.194888,249.3594058,677.7866039,301.8900576,1346.506086,1354.979376,262.6782329,416.4397733,4605.98866188567
6/8/2022,7579.633173,790.542949,388.7008737,771.5251698,456.2591343,837.1571625,578.1173504,419.736604,903.0318815,1920.485597,237.5435105,375.5591183,5601.5171338801265
6/9/2022,6804.59859,671.342947,228.2274346,450.9562178,305.9181733,256.3854338,504.4988958,113.8873954,1125.618226,2151.956425,233.9186139,308.7648469,4524.451576671304
6/10/2022,8815.375689,849.305522,501.6267105,489.3971123,589.5154153,524.1584507,826.9353393,196.2968069,1472.836419,1768.284277,294.4105976,511.796318,5095.463629269881
6/11/2022,6868.379687,646.6312943,369.6322182,757.966015,288.2188446,678.5937191,508.7347557,64.93520955,1102.395746,1525.309506,229.3773278,282.3678407,4511.636801025469
6/12/2022,7913.90785,809.3489632,413.2268974,1140.660946,222.143155,334.2581718,672.2475984,251.1749947,1379.35354,1841.464624,256.4588795,376.2149627,5002.990452519565
6/13/2022,8609.699842,875.0528268,485.5148724,1409.856181,746.7497589,199.648534,709.0109325,176.0167983,749.3129568,584.0493503,256.3876133,615.0050061,6112.252025100436
6/14/2022,8113.105798,785.3559121,442.595814,468.8705856,607.3958853,846.4551984,698.2778626,293.3143145,565.9775579,2245.507679,215.3300129,157.9206821,5006.337567002523
6/15/2022,8785.982116,690.0782064,424.4857336,1654.342493,703.9715184,369.9272004,574.3684088,350.5121075,1166.151158,596.285672,286.9564845,455.9329421,6165.017945026902
6/16/2022,7695.550781,752.6729058,388.2801472,1543.930199,721.3362852,184.4715563,708.5943267,307.2975584,1382.514865,1838.400526,203.0459294,410.4678111,4706.50736636959
6/17/2022,8138.368983,632.8336579,372.5217558,1210.634368,560.3499095,641.7310879,768.9940028,316.263723,1360.280277,1386.760029,233.5906772,521.5802639,5582.807799783664
6/18/2022,8075.433639,647.3467827,391.4685575,1059.399089,562.1676204,955.4779473,578.5749635,81.91949726,980.8463865,1987.187832,307.3912907,252.6349485,5637.269605417796
6/19/2022,7924.114188,748.4525477,285.8181636,610.4888677,485.7722085,276.4879415,616.3135648,52.47760962,994.0140924,1061.366431,175.6877838,104.5984196,4541.0434312343195
6/20/2022,7890.790923,713.8634517,410.4982717,1225.599774,223.9949558,938.5783475,738.4993095,205.3504143,716.1195536,674.1855336,180.4685536,404.4471632,6322.221358860019
6/21/2022,8415.026079,839.6468073,474.5586196,1661.416504,614.1212189,455.118468,641.2731382,323.5573463,748.3766321,1322.042151,232.8638792,285.6236307,5613.566871619298
6/22/2022,7916.938948,806.373196,476.4579788,928.4216853,638.2657311,510.6128581,705.1022611,81.95344904,679.7689283,742.050001,229.452249,148.1080084,5328.254303059954
6/23/2022,7608.807775,812.0731866,372.024977,1254.14407,743.6365159,425.7279918,706.8170335,325.6580608,971.7590286,520.2623681,262.9771248,624.2191561,5201.315381081732
6/24/2022,7987.562625,834.9066151,342.1918209,365.6086085,229.9521418,365.5366369,647.6897865,301.3890784,831.8006419,1654.399773,238.629979,305.9004119,5485.894947915455
6/25/2022,8491.883143,934.7343151,488.9603766,759.4702482,662.8403539,486.9379697,717.0289317,250.8887824,1074.856609,1050.762349,280.1245397,579.0282043,5979.411542338235
6/26/2022,9088.693629,934.9015468,447.7192444,1332.607528,393.4593766,434.0551811,791.9601522,125.0870908,981.3964168,1911.171725,296.4654705,358.3176031,5854.409693914353
6/27/2022,7151.468027,618.7063772,336.0655696,914.4433423,352.2913718,673.2120857,576.0837238,354.7042879,642.7854166,643.4237777,209.7037145,463.4675497,4828.370387085801
6/28/2022,7765.651128,717.3186869,386.9622686,1746.026111,399.7343634,537.0307297,643.664983,67.54820566,235.7977358,1510.910236,208.6814282,118.5734746,5464.657159621885
6/29/2022,9524.061044,842.5915566,458.1124853,770.9500761,727.462387,910.0748647,617.6223698,321.3242944,350.9806483,2411.837658,275.0722128,596.0244158,7006.595909883562
6/30/2022,9092.697856,954.0414782,376.0910852,1550.474943,436.2868777,598.3403368,637.274431,186.0499622,904.2162561,2023.803625,236.9631855,255.6009384,6609.284149149295
7/1/2022,6642.943095,538.1488261,288.8951934,966.0656238,557.0523089,412.5493351,536.3246963,270.0040243,954.6078813,778.3934027,214.106849,341.0672804,4970.949910335251
7/2/2022,7700.959635,965.9307089,323.570502,1746.043271,741.1454971,527.9914337,655.8127087,374.964456,905.9319591,955.4994722,217.0694753,420.0319773,5060.868725863539
7/3/2022,6594.051646,623.2288577,343.7086517,994.0134076,787.6417958,889.3815229,474.2852985,267.5333462,1427.254722,797.5919388,224.0166323,618.1285135,4724.893377470469
7/4/2022,5026.967532,628.8889033,206.0617615,1598.365718,787.4805733,560.147916,349.8560955,233.4128939,840.023124,1654.558058,132.9391871,596.5113533,3654.4437167915394
7/5/2022,8274.438093,868.9136622,488.317887,972.4785831,481.7811179,903.7811847,755.219529,331.96663,281.1948717,2266.929526,242.0994934,655.829564,6061.915608637157
7/6/2022,6981.291244,659.277279,405.2701982,718.1398086,286.9582265,369.4560295,634.3054165,480.8516086,666.330183,2108.874415,186.2524073,105.3179711,6090.190881966459
7/7/2022,7507.052287,697.1438949,418.1834696,1287.810774,647.9753563,228.5652586,641.7675968,430.6646479,1179.456299,2037.845564,246.681316,468.1624685,5688.105001244514
7/8/2022,7173.478741,629.160409,350.5205888,1721.532039,197.0057089,413.9384806,514.2860877,479.8018433,344.2975284,2116.47042,194.949014,413.5459596,5488.598209755589
7/9/2022,7155.481329,669.2212374,346.8018759,904.3099239,341.9388211,736.3778295,688.8402042,154.5729454,265.2938149,645.8036707,214.7569637,268.6026993,5011.994093356746
7/10/2022,8229.474842,803.5648703,398.248,1271.726169,229.898441,981.0830037,498.0489982,449.8965861,984.5410249,1215.628168,265.9467862,401.8503705,5826.826450664747
7/11/2022,6260.741605,844.8230435,248.518856,1533.802192,672.5730299,714.3554991,448.9462179,298.6254353,514.5111844,1927.905265,193.495023,412.1019354,4277.875221408128
7/12/2022,7992.415967,748.3452341,398.3420827,776.3801929,150.0875505,666.6019272,497.867205,280.0081127,270.6316453,1997.290468,218.9310851,128.1111451,6776.515353159062
7/13/2022,7290.717562,824.5813941,312.8924167,1564.067853,353.6761464,191.7031493,514.5814097,405.0196123,668.3040944,1040.786573,252.48916,635.1232869,4696.765079272303
7/14/2022,8650.897962,851.3526174,452.0681406,1355.785637,152.8361253,544.4326364,683.8140967,125.1288899,703.9434471,1765.423757,267.4878093,527.8276304,5044.313807980172
7/15/2022,7317.241342,750.8748281,369.2805986,372.2790186,384.0328028,194.82843,500.948346,480.559917,1216.371022,1788.298443,251.2717766,400.2406874,5371.857143713484
7/16/2022,6556.145184,425.9964231,300.2804167,1575.522002,287.7961356,790.8108657,426.8346206,345.809067,741.4557615,2144.359774,181.4401496,383.3690825,4843.467243559793
7/17/2022,7952.219681,767.919992,415.8672547,1407.896187,355.1577734,365.7713298,713.852881,340.1746718,377.5811747,1803.279521,286.6341872,337.0785446,4844.024813016949
7/18/2022,7299.379265,793.7771191,348.5380395,1553.220339,159.5507026,200.3609911,632.2053357,220.5923219,870.6204735,1035.185353,202.6579579,302.4073281,5688.543714789226
7/19/2022,8137.207094,791.9171216,274.9199297,1745.248861,487.3709821,635.6185074,713.2949445,354.8940204,212.9009675,1428.190319,171.8195678,287.1183148,5660.725401749593
7/20/2022,9115.381315,983.3567041,477.6928527,739.9629162,652.542218,208.1865062,730.7998379,283.0822375,545.2576828,535.1047267,293.6472765,308.8573559,7252.559992064626
7/21/2022,9091.814134,1008.04833,387.0184184,398.5422884,298.3529863,512.1961831,780.9627225,160.9716357,717.4068808,1105.831458,293.0634156,390.4462418,6826.384363571132
7/22/2022,8424.145596,1008.561576,422.2516042,1471.982784,525.8939596,276.2497757,692.3877201,116.1332193,383.0438336,1744.827283,214.9194249,586.674262,5433.494641239876
7/23/2022,8083.638592,678.5511707,483.08727,1004.982402,728.5917393,410.6729876,553.0896753,368.4746076,1392.731596,1081.009011,267.9660188,137.3219357,6154.274279401437
7/24/2022,7964.857098,1005.439582,317.8598036,989.4973056,505.2751423,168.6152962,651.9678142,244.767201,557.1149596,2113.930982,299.6538995,126.3399656,5040.80631150569
7/25/2022,8906.799845,870.6050681,383.7328757,1727.144716,796.6325411,317.7794173,748.3729274,370.2752626,1448.815068,893.8514089,278.3368169,688.6862391,6878.5415509508375
7/26/2022,7401.875648,786.4048314,471.3092636,1661.848191,763.4060353,983.0600531,483.0961315,482.061022,447.1399447,2085.190233,227.7474545,412.8757832,6206.026135980178
7/27/2022,8438.017822,835.3128004,359.7346947,1147.627969,651.5574921,676.5536652,598.1223562,274.503049,1066.580623,825.3994876,278.0661044,107.2618701,4638.267925338218
7/28/2022,7949.592266,855.4107592,441.5962664,1293.651018,227.0267053,485.8318189,599.8001547,179.9982225,237.9206927,1461.780293,224.3865035,338.7019753,5571.6799437658765
7/29/2022,9565.87823,822.1763759,398.1308881,1481.323629,313.1508991,955.8357351,785.0712117,303.833313,950.2593618,1214.242319,291.48851,315.1470769,7237.035693287149
7/30/2022,8188.828071,891.959219,410.1550569,1170.133252,485.8539504,955.4132535,578.7910921,391.4493142,956.1089809,1373.22838,233.4537527,269.4976396,7169.950211741121
7/31/2022,10186.31846,1096.559234,494.7871677,1186.695455,270.9883335,528.70216,927.7895486,199.2041146,846.8018078,909.3602181,293.4272535,613.018121,6405.401064405036
8/1/2022,4095.786143,429.473429,226.6262348,1613.824625,500.4114593,794.0105343,360.0064719,177.1125919,1051.045893,803.1901496,159.9470501,355.1369113,2978.6309481931116
8/2/2022,5728.94632,641.9183121,158.5288969,1394.017191,778.4495749,373.548261,399.7946333,150.9320675,499.5416608,502.9476442,141.1725243,497.8283151,4589.540604316474
8/3/2022,7566.312501,802.8903794,292.0252886,1652.910295,674.3507878,835.1015199,551.0998279,493.1862812,436.0981581,1241.882016,262.8126571,552.5489558,4711.3107938528765
8/4/2022,6018.834469,747.8566344,214.9365959,1470.947576,529.4523073,590.0472632,433.6326827,478.4998036,1122.117077,834.642608,187.4223299,125.4533789,3943.335396937646
8/5/2022,7750.450093,624.7369791,440.1198855,1699.387294,687.8791079,562.4690178,540.1911572,363.7442219,861.5577223,1238.56154,220.9943646,528.5959814,5073.955647625158
8/6/2022,7450.200206,826.627305,368.7994614,592.8609044,374.472269,875.5218134,683.0131504,201.0247044,556.2930661,2114.141808,251.2308609,687.115281,4976.657699483222
8/7/2022,7739.501231,851.8437734,409.8637048,1401.665898,399.830775,442.4659389,753.1194931,61.33703628,411.945938,2072.411305,232.0171564,603.3983966,5439.2036567204905
8/8/2022,8068.741656,800.8452664,426.1768413,377.5030825,478.1171389,835.4153278,707.4298494,373.3042763,910.3594109,2434.070551,212.0191374,617.5842827,6437.492796454855
8/9/2022,7992.018848,746.5984005,291.9337964,1495.022096,312.8041342,361.0409788,727.1337248,331.1933448,1332.838244,1845.405988,225.3954418,443.0475899,5579.900038563751
8/10/2022,6737.224236,680.6971085,304.8729854,1399.048576,412.9428006,417.6626531,458.7801843,80.75894014,1007.680184,1168.099931,169.0629311,570.2559055,5378.334679799584
8/11/2022,7164.198537,545.6840579,302.3837048,1248.42323,279.3448903,950.0037244,672.0008126,238.2502388,1034.254716,1842.958297,210.2490108,550.563879,4626.797120944106
8/12/2022,7251.712704,695.7447832,336.1837853,569.047023,780.9397545,982.3318668,539.570967,100.9865771,287.7533107,1537.401989,167.4978345,342.1606014,4945.06719030356
8/13/2022,8790.198411,982.5447746,347.2005274,731.1924973,576.8914413,284.7996448,628.8550041,485.8417993,827.9516068,1037.067512,218.8100747,462.1823203,5363.604517429082
8/14/2022,7349.976066,726.659179,376.7834328,322.6660263,777.2599901,661.2839005,603.7842663,162.9018706,1043.056266,1034.804056,196.1174433,505.6157728,4809.670919260863
8/15/2022,8918.777644,1045.670956,389.8116419,1717.104388,628.7478984,952.060356,640.1019858,447.3472212,337.6775457,809.6572252,298.0931733,221.5795805,5013.865379086504
8/16/2022,8471.495311,1013.581241,459.8109584,975.3813692,772.4276598,113.8554025,608.5543667,229.5658929,957.8038738,1006.203078,305.0065131,603.880964,4470.708154684478
8/17/2022,8864.605926,784.4941587,442.0526888,951.6049785,620.2410816,923.0937975,695.2201334,54.07437271,764.2272645,1017.423284,272.6974154,453.6723937,6321.699759185815
8/18/2022,8030.473071,959.871283,466.0420597,1408.084726,158.9346101,182.2523377,707.0403257,161.7693172,459.0514374,2254.940093,211.7169227,228.6438898,4764.447220061946
8/19/2022,7583.808085,675.1985876,375.8314897,1557.737751,673.308707,705.5845017,549.4438476,420.3427123,305.4939321,2402.98142,247.9758045,659.6263049,5190.883658741078
8/20/2022,10087.24616,868.6826595,514.7010468,856.6694076,748.4982955,764.125654,920.3413255,313.0020094,877.8837314,636.9174387,323.0575698,422.999166,6863.4272781012905
8/21/2022,7914.013967,653.2969364,410.8916281,941.4020006,437.6545846,667.2224975,690.8461178,342.1950461,522.8986914,1910.921661,230.4944278,661.7683729,5718.407094016492
8/22/2022,10253.26066,977.4209606,423.9878165,1446.661092,416.2861847,541.9861564,765.029923,344.8281715,1405.243818,710.7864362,307.7206101,256.1419588,7477.180888711654
8/23/2022,8621.03707,834.1276901,470.5704483,674.9354196,484.7536788,199.3886771,716.8870691,290.9992167,575.9436802,1119.613751,275.749502,314.1315851,5248.008826277546
8/24/2022,9968.184661,1101.71546,475.0690771,831.6374232,478.6621997,922.4095995,744.0091207,473.5043656,1438.659522,1153.485084,329.2115966,625.7916599,6383.269756627733
8/25/2022,8870.200369,801.8793935,452.2705894,1422.53378,435.4868908,709.2467047,948.4367498,324.7460398,1289.280887,2217.528559,277.130461,196.2192437,5956.449922908369
8/26/2022,8886.470314,789.8661479,471.062443,1378.109427,626.0606819,205.7961701,627.9562196,281.7200075,414.8698372,503.9842704,288.9085804,196.8176806,6611.201409488665
8/27/2022,8590.420145,733.1915235,418.6701547,651.3050564,292.7100501,320.8170827,662.5549885,481.9382612,275.051807,1282.065738,330.5140989,469.7802916,6498.614159640684
8/28/2022,9832.959825,774.0852596,562.2896941,1050.169128,417.7727618,726.7868263,893.9728471,441.7371348,1112.789925,843.3878154,225.0691519,478.8513527,6814.918577662335
8/29/2022,8486.104048,857.1791209,378.0339711,1643.512166,282.8056492,722.8662823,699.3190243,278.5122788,468.127748,1283.718746,227.7227318,351.5629967,6124.009544998933
8/30/2022,9191.899161,914.619893,421.3453606,1385.165494,498.1767896,719.7684664,897.6422468,426.2529664,529.2540986,519.9575533,304.5112707,592.8330177,6052.701194070509
8/31/2022,9646.879347,1087.044823,537.167429,413.549591,402.0869584,869.4766176,721.6961648,411.5919468,1347.32784,1432.619512,249.8289646,641.0644171,6967.874315390552
9/1/2022,6697.019363,642.131717,381.8857753,863.2033927,672.4794544,159.9082551,575.4547415,245.0625047,1042.81341,648.2108451,202.2386201,698.3094123,4545.929326249089
9/2/2022,5123.447294,574.315874,224.4042453,1285.094227,610.6976759,432.6167795,314.7024508,53.76365684,803.5100757,1945.475504,134.9730571,230.6004397,3787.673034278338
9/3/2022,6915.474642,670.6520487,451.2805112,1472.939966,638.6355451,159.8169932,574.7206903,411.3509324,1196.469564,1667.427175,252.8545173,410.8048398,5548.875661660375
9/4/2022,7609.762796,674.8674886,450.6566383,1438.072982,538.1509489,901.3685655,664.6132855,344.3597317,1174.971138,2316.456977,215.0015632,633.4767544,4496.612117025144
9/5/2022,6820.507033,868.5132089,396.5218314,770.7402123,306.9754082,744.7574008,538.2486875,146.7106867,552.2255078,904.508361,168.1015989,354.9105057,4481.946477799373
9/6/2022,7415.618334,831.7895508,325.3931077,696.092977,760.3945116,816.6173055,714.7921806,336.3684267,553.5298512,1884.717845,237.7923127,294.7070801,5174.137578465116
9/7/2022,8530.580586,771.3179689,396.0506378,1522.409593,655.716408,635.7729393,601.38118,392.3830989,544.025535,1823.93789,276.9530074,212.6334434,5746.00085291237
9/8/2022,7860.442263,732.1600407,342.594379,1646.87878,727.2768228,135.0813886,471.8253257,196.3807783,1066.901609,1146.054692,246.3027693,640.5765374,5062.767487299693
9/9/2022,6135.197229,566.6048199,338.9912737,1422.275868,674.3322845,185.4261431,434.2323078,436.110472,1498.560396,1153.278499,187.8168763,698.5769784,4202.190507490016
9/10/2022,6783.316871,653.9236398,337.2004792,321.5721691,646.8297012,381.5001903,531.905607,330.6843882,1050.644607,964.0363606,213.5153051,557.3815747,3930.9668505599507
9/11/2022,9331.366782,1040.277808,567.5707944,1435.095251,437.4909735,628.2428559,823.8501796,368.32865,955.2354939,2481.358314,289.8582052,333.538283,7590.696282588941
9/12/2022,8499.864124,710.0557949,443.3756708,1312.179453,590.395549,633.8423971,511.9870093,217.9051783,269.3523961,1409.528685,273.7611642,665.015192,6998.825641860116
9/13/2022,8985.231483,898.6611134,385.4229265,1253.91049,539.5463755,683.7750611,807.8542411,130.7102046,557.8746775,812.4131374,301.8864838,523.0834873,6026.326108807978
9/14/2022,10187.06111,965.6090214,492.5961665,1103.902618,467.5221612,854.3394775,842.3519157,230.84924,1243.654215,2421.840294,352.236646,192.2146257,7316.353943501908
9/15/2022,9153.975977,749.92477,484.6387068,347.6156481,425.1678437,633.5561625,744.4069131,88.05442014,661.4020591,603.978704,297.5775724,464.1081733,7670.283845980769
9/16/2022,7269.384665,789.2095889,394.9457125,1233.9458,782.6987025,997.5141099,517.2055124,259.2542829,239.0338069,2294.731732,244.9422029,608.4327583,5137.223218027401
9/17/2022,7868.422271,768.6001274,369.1896753,406.5523336,287.015516,944.1687083,656.9191424,153.2145997,310.634532,1271.195185,245.3061714,381.4643266,5792.858540182364
9/18/2022,8108.846253,782.3970759,392.633325,749.0750606,301.1288949,350.5316335,629.3879046,108.3555402,1237.781156,1152.507836,241.4124616,253.8778366,4628.712882981259
9/19/2022,9179.441518,1054.869632,402.0437073,424.1052534,464.9496968,408.3806319,704.0029615,186.0887801,1324.056598,809.8506223,285.345203,438.0450187,5426.896400809373
9/20/2022,8440.370328,874.1477667,431.2102422,989.3760858,349.2012542,346.2763761,890.6723193,420.071545,834.1846141,664.5446486,263.7051106,134.1872362,5155.0993590410835
9/21/2022,7895.945403,671.0084856,278.6994493,770.8132451,499.7147585,700.4911035,675.0229994,428.0486353,1210.164071,2224.405947,286.1131483,693.6706786,5167.054729411651
9/22/2022,8721.116606,956.6274577,433.6109711,1589.692012,414.4231206,534.862777,585.2741407,197.7048976,1289.699547,1222.807558,260.0613647,372.3939467,5916.255194534399
9/23/2022,10804.10552,1031.254436,557.4525259,644.7400887,509.2304741,621.38302,885.2844692,217.4779649,836.5118007,1789.490497,286.469933,497.0003558,7238.2834467030325
9/24/2022,9416.775564,831.9473036,441.3954369,1754.889788,521.3193055,843.1398564,686.3610506,114.3505052,571.419838,2354.247564,264.2670091,324.728946,6579.82288081307
9/25/2022,8760.877297,822.8565031,497.8008238,1309.146922,293.3277712,860.6087663,710.1640305,148.1933905,1234.704303,850.2462803,237.4793653,624.443064,6152.321907851909
9/26/2022,8561.414202,767.4733279,454.8115769,1029.195728,748.4807727,512.4912351,783.2315763,68.02660357,656.5852036,687.5530525,237.7231936,274.8765481,5993.944854732278
9/27/2022,9958.386704,930.2190749,461.2746909,1030.898031,429.4903892,519.6694716,791.1046796,318.6098107,1188.748335,808.984408,325.451228,699.734622,7826.041583724646
9/28/2022,9073.752143,1046.208992,434.4365166,1051.913467,182.6579564,653.6162265,756.5392903,65.7101987,1383.787432,1519.708019,276.4502785,430.6959771,6405.727331255707
9/29/2022,7569.43352,876.9071599,367.5389554,1212.47925,332.6823376,144.652936,481.3041173,128.0732227,1141.977773,723.1859999,218.0380847,327.8509138,5095.368234504404
9/30/2022,9349.987142,1060.713636,440.7326027,880.983777,193.0073727,709.6538169,776.6752608,58.6199685,935.5160213,2358.289434,258.570926,596.1151366,5950.624553018772
10/1/2022,7857.92185,939.1776791,399.7883177,1699.807632,322.5726648,127.093485,572.4155067,325.1586251,1449.940022,1835.735813,199.596857,507.099981,5511.812664335808
10/2/2022,8069.154592,761.3615066,358.9956882,418.4091044,437.8187888,991.0979615,721.9564121,167.4718368,605.4432665,1179.943728,268.3560416,306.0320213,6104.040467115858
10/3/2022,8772.670676,830.4236827,380.8987967,669.9879237,456.1241641,971.2687433,614.1815818,347.8611347,780.7288854,1503.035921,272.1318757,550.7062822,6212.542744572885
10/4/2022,7866.670982,938.7677209,345.8877231,1336.583719,326.5615678,906.0065633,769.1227344,135.7744249,1381.927843,1127.756153,263.9658764,210.7794744,5351.8170402766045
10/5/2022,7263.444713,642.7337717,268.9329177,1194.122933,431.9985499,359.1508084,599.4207073,123.9824881,840.6654599,1099.88414,269.2833728,169.9498447,4853.729025832341
10/6/2022,8511.362722,861.7116513,488.75347,1647.5797,409.68721,838.8829156,613.2037396,197.0576176,936.5868366,1814.060996,271.645263,106.4866502,5948.639261632841
10/7/2022,7899.810434,836.6526668,420.3088706,622.0438312,193.7022171,517.5835284,646.1623375,317.6813208,354.3218242,2461.136454,209.6326899,543.3200063,5325.033593626918
10/8/2022,7872.036861,765.9827891,346.0059201,1775.35081,318.7860453,366.7218522,635.9613904,486.3756348,1419.810447,2137.480459,243.893682,358.7403219,5307.3277547413045
10/9/2022,6658.239425,622.7524724,325.608977,679.2871774,525.4606403,512.136095,543.01919,211.6439361,494.4781138,1727.940613,190.6981662,594.131336,4118.815012562261
10/10/2022,7906.363811,923.2160459,330.9600121,1023.198148,696.5906618,288.1534363,520.7396501,149.5574134,310.0948444,1433.386242,219.6829345,328.5947642,6229.7737310888515
10/11/2022,9138.378851,962.2825456,480.0022573,1700.624135,594.5131937,372.9573018,667.6935956,289.2074687,1412.321342,737.2875315,207.0614947,119.5954365,7017.789497640855
10/12/2022,5711.672647,505.3424234,308.259068,474.5377277,548.3172931,743.2779488,378.350289,472.3169712,288.9855883,1335.333992,173.119706,497.0666395,4467.144061631426
10/13/2022,8746.872501,853.0420278,405.8293028,860.1869177,315.9686429,850.2796094,524.9260523,97.6434432,1259.072306,1723.66204,296.7212768,312.9386101,5197.279585228929
10/14/2022,10134.93658,927.8164482,478.9694898,928.7743139,259.3323762,241.1314348,827.1460486,445.6985971,1275.492795,583.8304334,267.9836115,434.224308,6422.5173097427105
10/15/2022,8104.319288,811.8563452,326.398379,1244.730982,412.0869116,940.8737028,676.6293721,388.579047,1391.346708,1770.828714,235.4516618,418.776411,5089.6212088604825
10/16/2022,7866.967004,968.5028927,432.1061249,868.5607281,744.7894761,586.2668786,673.6005672,163.0261704,1298.065682,1362.603413,243.0297438,606.5273952,5591.538841779764
10/17/2022,8451.471382,1080.167718,289.356953,309.5685651,785.9306116,392.6900766,729.9531669,484.5862444,251.0502385,1043.997211,200.6062642,337.0931785,5136.253510374456
10/18/2022,7936.117039,921.5581971,448.8920852,338.6543981,542.2937242,804.9681847,681.5729074,346.7776917,545.7069858,2480.664608,234.1979938,512.8273342,5728.868790916155
10/19/2022,9479.857285,992.3359006,416.399445,556.4046036,421.7941123,591.8126876,701.1868334,390.7773402,742.3514441,820.451202,253.5384228,638.7787881,8232.65422933026
10/20/2022,8805.730868,804.9939368,492.7218997,503.1893052,300.4588889,121.3369783,836.8910385,440.7842858,1285.431367,2449.381192,249.6650815,655.8782788,6435.15721820435
10/21/2022,8487.833083,789.3929911,419.0805795,316.9538049,661.7917728,453.605598,685.7051367,187.8947702,237.2481559,1666.504785,239.0357398,124.1548018,5870.868824829106
10/22/2022,7468.798697,896.3736924,375.5062164,1124.802844,182.8725175,344.3428023,632.9440662,241.7545571,1375.516279,1249.443941,252.610454,599.4181238,4869.834488773519
10/23/2022,8278.837542,768.8020444,446.6939078,806.1814184,715.947496,937.3585782,713.1599311,87.58621161,323.9691977,1400.117279,231.9026523,226.6755655,5867.830962561599
10/24/2022,6493.011781,611.8189724,272.723398,530.849857,247.0121553,614.7962905,388.9388772,170.6784655,1247.062028,2020.32186,157.6675543,316.6448358,4927.9109916271755
10/25/2022,9609.408472,1130.750138,437.2168522,1629.129163,732.1984638,274.0918087,894.1763682,183.7792419,1033.955826,1019.656276,262.497253,237.9962524,8008.327184669133
10/26/2022,8133.214809,763.1812662,455.4263634,840.7117577,586.3260364,457.292946,691.9074318,171.7897739,403.2120619,1975.901895,273.3491076,148.7377809,5027.937779917462
10/27/2022,10222.14255,1082.736625,566.8787922,916.7857138,427.8661952,360.4955695,901.9947282,198.6281004,807.9855762,1738.779939,313.376726,438.53909,7751.60130269537
10/28/2022,9427.680947,986.4994134,480.6428242,360.2082886,728.4436946,801.5650313,788.2500649,496.3832363,221.0605165,2136.76085,289.4991241,276.4404773,7946.196380768637
10/29/2022,11178.86581,1184.231354,522.7309641,1310.758347,700.4766959,192.5583329,941.2159031,195.9482198,363.7417553,2458.30311,323.4821915,505.8902497,6652.793757224861
10/30/2022,11667.22411,1319.046273,620.1423054,649.999234,556.4646105,791.7231978,1075.921842,386.1852202,494.154159,1884.708612,300.3180271,231.2283333,6705.289896682939
10/31/2022,9575.551864,1064.843861,495.0494362,320.5236221,203.039168,935.9735949,743.1506582,166.366216,631.5629562,1430.673868,223.8205671,116.7113445,6085.994213912314
11/1/2022,6229.147581,814.0566668,247.4346005,1165.321802,516.5477184,968.7724513,513.4901922,275.1253408,265.5418057,2280.768642,217.0977466,141.6364515,4918.695947914326
11/2/2022,6145.077332,634.1381749,267.3631792,740.0301322,491.5556998,465.9314836,541.8767494,364.0247535,386.2658963,1929.437667,177.1670989,640.1584667,5334.650147553895
11/3/2022,8138.660169,919.6778494,425.3140004,324.3651648,623.7057354,695.6511266,662.9399671,195.5886856,1023.82508,1686.922765,217.727755,499.0335934,6020.874257050645
11/4/2022,6887.779236,491.7778781,379.8248955,477.3279334,150.0199672,461.8244952,490.207183,370.4616706,1147.62096,2059.641768,215.2473777,313.9577056,4704.346803877786
11/5/2022,8870.198709,900.4495206,447.4898286,883.0895218,306.1944302,593.9855214,753.9405184,92.73437385,693.9728027,1714.270562,240.2548692,288.9510668,6287.591098613664
11/6/2022,7830.031479,779.8519155,405.2386691,790.4115365,348.7335723,996.0120104,711.9192812,231.2166744,957.5287841,2124.947642,237.6365926,503.5043576,5038.352974324271
11/7/2022,6746.649489,788.3964032,354.2601183,1609.289132,474.9733448,724.0799153,464.697913,378.6121353,1110.794945,2006.944221,208.8982339,471.5036412,4004.381670357017
11/8/2022,6974.247316,651.4698375,261.8067838,462.0668391,461.0191956,276.621145,641.5598665,313.503678,363.2147269,2426.959895,219.7205051,424.8246525,5232.538473841527
11/9/2022,8296.131459,739.2063169,337.3585467,678.4678906,350.0510884,137.4210639,684.3285952,326.1370563,847.5689266,1878.620824,282.0002641,638.7611761,5490.451047096252
11/10/2022,8675.167746,902.0243123,498.0835433,1352.607411,511.7020143,676.8689753,629.8410524,211.3797119,806.0360685,879.8722729,301.2396712,646.803514,5164.993164358708
11/11/2022,7273.630792,850.3631365,315.4462683,480.67101,529.9530236,471.051755,712.1679478,486.1948155,1415.14889,1001.7582,209.6773843,326.7035282,5420.625252470199
11/12/2022,9990.582073,980.919667,474.8113867,832.0928351,410.4577084,692.2919963,699.1908808,101.8157803,1497.074206,1403.478952,300.3757764,629.9641609,7117.540487035772
11/13/2022,6706.107502,535.0659999,299.8543272,1731.848893,248.4310043,832.3510094,692.7493312,264.8372853,1422.655139,1797.530772,185.4068348,461.0840404,4511.021343983005
11/14/2022,8777.750106,698.1012093,513.4064788,613.2464032,188.0674484,452.5682055,635.5501238,298.564762,411.4590596,1968.731353,252.4848458,457.1378396,7553.123690101018
11/15/2022,8912.574031,993.9560294,500.9237227,744.4887028,243.2551471,609.2655043,667.8901234,118.1504849,1380.424109,1292.625251,242.8907036,359.6628906,6061.056518985372
11/16/2022,8878.143063,812.1819638,452.5346627,1542.979359,659.255214,172.1680811,806.4496648,174.6811624,819.8905411,1760.186254,275.8587014,664.5281017,5645.72785281073
11/17/2022,9335.97539,680.3729304,500.902244,1773.781908,205.9858904,828.7075326,756.9722635,416.4740507,1435.692667,544.1322974,273.4050148,268.2008515,6324.485129448752
11/18/2022,11046.8622,1087.191763,498.8483433,874.8230489,290.6163055,149.1088675,782.5740611,249.1598057,979.2994816,2304.806552,377.2847624,129.0176266,8314.196701251985
11/19/2022,9525.843659,994.4049415,387.4915952,1197.84449,419.1916943,843.3390777,847.1827717,481.075637,1020.89643,2068.810946,293.3523751,424.6682949,6511.455754148364
11/20/2022,10584.53205,924.0487419,554.4929274,1445.538404,490.2108911,266.3545582,934.9967824,152.0476814,277.4632266,1708.718639,375.5955715,499.913186,7108.371639657734
11/21/2022,9188.491173,838.3524692,440.0395628,1024.941427,398.8096653,146.0351851,701.9900406,427.6159736,717.1314732,1523.414894,261.3253677,187.1960155,5867.0584722026
11/22/2022,8144.864628,741.7192273,407.7164911,1739.686531,181.6516515,609.4165824,661.7110266,94.10345815,1341.443567,1615.747351,222.3091959,126.4395169,7277.9601715601875
11/23/2022,9675.286779,833.856134,463.1731705,1077.842533,309.8008376,252.8983659,784.5771797,211.1628724,365.0277379,746.5675586,276.6221718,693.7032,5535.73277804029
11/24/2022,9381.346723,970.0507013,475.6183742,1305.651501,567.1826859,599.258623,723.8054281,234.8549645,299.7854805,508.3748873,251.072201,393.7864456,6766.514794188658
11/25/2022,9338.689438,927.4505277,416.4045609,445.4485064,266.3705643,383.8273689,705.8776835,408.8813204,711.0912683,973.8479878,326.0665391,506.5274831,6221.354800505737
11/26/2022,10464.92716,906.0925866,655.4981976,1611.461001,689.9047943,804.183231,765.3948479,151.0958289,1490.269006,981.3410295,274.5823405,339.5995481,8000.381549745035
11/27/2022,10222.9745,1016.197053,536.1607487,1506.248347,713.1750693,478.0099039,775.1499358,76.82779641,951.8676921,2165.223547,343.3138741,515.2303318,6985.453900815905
11/28/2022,9123.226219,887.3038386,402.6633031,1313.184068,407.4006282,567.6505082,553.0546744,109.8544095,1495.484201,770.4346274,306.8189048,195.242058,6598.071540473658
11/29/2022,9518.217967,834.4338002,466.0140119,1007.609756,509.7566545,634.4025687,926.8899444,306.6291224,948.2714572,822.9156681,230.5960716,226.0643157,6319.759765830637
11/30/2022,9148.690088,1035.336453,426.2295688,1402.537779,546.5701493,725.4578074,602.1836746,269.6799539,937.6082274,2092.487219,287.4731793,179.9092754,5853.442049369575
12/1/2022,6968.545449,540.0686023,365.7627713,1712.211356,263.3660236,761.1474706,758.40816,262.2422708,231.1301449,1669.655623,153.8540311,154.8531951,5219.21331342483
12/2/2022,7567.719389,842.0315192,484.4143755,1592.497327,525.1261036,906.9171926,651.7710697,450.796305,455.182593,545.1290234,151.7065316,458.167134,5085.775890487851
12/3/2022,7402.517799,871.4501538,386.1651763,759.623174,510.8369614,341.9178535,607.7255794,314.5962333,458.23795,993.7140552,183.9737013,355.8998483,4862.028092667207
12/4/2022,8086.955854,736.1859133,414.3485353,320.7932039,572.0962332,354.9559631,527.8247549,350.994439,720.406687,2123.732248,245.4324037,579.1934682,5790.039290094128
12/5/2022,10203.63875,872.4194529,573.1435996,1646.078576,316.5244844,891.7771621,908.0063698,149.2929768,263.9871889,962.1617057,276.9077974,182.8751759,7243.200547897284
12/6/2022,9007.133336,900.7320001,507.8870444,916.0239495,286.2986803,782.2363789,629.9575666,489.4524605,1188.007208,1125.19605,292.9893552,487.3615462,6085.298866138928
12/7/2022,7920.906715,831.6726496,430.6881235,610.2268397,477.8963621,704.5379733,692.4435408,190.4853815,1148.102741,1650.121147,208.0530872,356.4799169,4935.486493687569
12/8/2022,7915.844902,920.6106031,433.9975099,1663.879042,390.6509207,342.2454139,593.1580504,388.075516,458.221098,2066.77444,194.9335494,638.1971736,5116.663409040677
12/9/2022,7960.877721,833.0938836,391.857252,775.4139327,675.7371103,537.5562887,673.4946665,443.9698927,341.7177003,997.0796419,223.9183709,281.4797905,6308.363876356047
12/10/2022,8217.431026,765.2449115,432.03217,1268.587565,481.8707657,714.2864309,683.913303,103.9788238,631.1019038,1501.158635,250.7759065,287.2384268,4837.718667396619
12/11/2022,8873.34856,918.572677,503.3041863,497.5303552,608.2765891,951.174732,609.2384323,383.8899783,606.7954124,2217.012909,288.1418644,506.6339447,4592.374817524478
12/12/2022,9190.422061,974.378563,441.1505737,1554.663289,506.7912606,864.188218,718.9355947,135.1381066,698.4162834,836.557177,329.9081482,532.2303992,5564.235260264983
12/13/2022,11185.18992,1144.996523,623.0290327,1345.536249,385.9388463,194.8612397,882.6780386,445.6758003,1290.51002,1842.025961,351.5564748,535.2229601,8055.190470534402
12/14/2022,9639.468505,941.8526243,435.5662933,1713.087329,343.8770953,668.2383799,776.9754506,398.9773835,551.7270334,997.5835775,294.8029216,335.8730789,6479.832670071886
12/15/2022,9324.066862,936.351391,394.4078669,1061.636757,239.9415366,496.5983951,640.6600836,492.2327934,1343.889015,1511.041583,288.1522834,249.9837345,7414.37753727219
12/16/2022,6867.404374,708.223088,315.281094,1530.379978,571.685624,479.9730105,425.118126,238.5363982,1220.583097,891.4252802,258.3982713,374.81717,4602.9814895063255
12/17/2022,9958.014195,912.9817922,396.9763165,928.042715,292.7627036,410.5151559,808.2462353,50.1021672,271.152519,908.4842127,322.5356965,649.0009226,6703.590390993977
12/18/2022,9077.942868,955.6761616,487.8759277,1068.589231,376.7407398,935.9271646,738.1889873,218.671216,759.6965672,738.281344,263.68652,472.7983745,5437.563239329597
12/19/2022,8714.072327,904.3179105,498.3457481,1599.053513,156.4419521,708.0280962,661.2678168,400.1208379,861.5622911,2222.891372,240.6546599,376.4401601,6543.776607616395
12/20/2022,7431.076858,742.0911137,386.3720648,1359.557995,374.6267308,992.9220755,614.3480632,53.14201785,1314.78979,694.7337876,174.1643247,342.0885814,6385.505441467381
12/21/2022,10164.70275,961.1781908,558.32638,737.0416093,421.3066085,161.3679578,773.3705526,219.5900962,443.2615515,1611.09914,281.4809776,625.542955,6976.417371627972
12/22/2022,8840.296883,882.4379038,487.8153601,747.0993018,358.260836,958.0625914,649.4422399,123.9290795,278.2950284,1095.300555,255.8492962,569.8968586,6195.833716741659
12/23/2022,10016.35832,913.1109635,509.8710532,1067.670685,650.1376766,251.9290052,905.5709087,470.6579829,1310.125747,526.4576258,318.0757237,645.5212817,5765.241552381765
12/24/2022,9387.586182,874.8355621,424.8348285,1336.869996,258.9182505,453.9886033,682.830764,189.6388169,907.9219221,819.7595267,237.7445962,402.0070784,5362.204611172416
12/25/2022,10554.97558,1136.577423,478.0556455,710.9821492,771.1721537,439.6268591,878.0133702,479.1346735,737.5714894,579.6228789,290.9543204,311.3962326,7158.969695244571
12/26/2022,10097.67038,1065.497467,498.17626,1462.851808,372.6842038,197.8142854,840.0911436,332.4509947,1475.634851,1263.232998,286.4493157,215.2096508,7748.744952375318
12/27/2022,11281.89109,1176.279919,553.9683433,1521.575881,398.3802714,420.3619961,860.2875237,109.5209218,393.0588161,1692.934151,369.5393623,218.0129184,7825.686100884591
12/28/2022,8777.025075,799.5728368,387.601638,606.1314917,454.8764859,726.4718754,796.8279108,410.4224247,671.2525799,2147.995304,313.5277999,208.0951886,5966.990246491737
12/29/2022,11596.06306,1048.890624,561.5278562,746.9658532,208.3436754,448.1265178,915.5811073,459.8718191,304.755056,794.3265022,306.0082158,103.6282259,7057.4390545686265
12/30/2022,10991.34924,993.005571,547.2942133,1412.349163,505.3402222,245.5250979,917.1413061,448.0154274,1455.582016,911.588754,323.3363132,432.3959533,7669.556166016648
12/31/2022,9109.778075,926.7539514,400.6204878,1621.342741,182.2438404,956.856202,610.6282518,165.6782115,1159.3061,1694.858485,251.1122,379.0218005,6576.674972316814
